@misc{Pa15_Intro-CIC,
  title={Introduction to the calculus of inductive constructions},
  author={Paulin-Mohring, Christine},
  year=2015,
  publisher={College Publications}
}

@misc{In18_Coq-Docs,
  author={Inria},
  title={The Coq Documentation},
  year={2018},
  url={https://coq.inria.fr/refman/index.html},
}