@misc{Pa15_Intro-CIC,
  title={Introduction to the calculus of inductive constructions},
  author={Paulin-Mohring, Christine},
  year=2015,
  publisher={College Publications}
}

@misc{In18_Coq-Docs,
  author={Inria},
  title={The {C}oq {D}ocumentation},
  year=2018,
  howpublished="\url{https://coq.inria.fr/refman/index.html}",
}


@misc{St18_Cedille-Syntax-Semantics,
    title={Syntax and Semantics of Cedille},
    author={Aaron Stump},
    year=2018,
    eprint={1806.04709},
    archivePrefix={arXiv},
    primaryClass={cs.PL}
}

@inproceedings{PP89_Inductive-Types-CC,
  title={Inductively defined types in the Calculus of Constructions},
  author={Pfenning, Frank and Paulin-Mohring, Christine},
  booktitle={International Conference on Mathematical Foundations of Programming Semantics},
  pages={209--228},
  year=1989,
  organization={Springer}
}

@online{Wa90_Rec-Types-For-Free,
  author={Philip Wadler},
  title={Recursive Types for Free!},
  year={1990},
  url={https://homepages.inf.ed.ac.uk/wadler/papers/free-rectypes/free-rectypes.txt},
  urldate={2018-11-20}
}

@inproceedings{MFP91_Bananas-Lenses-Envelopes-Barbed-Wire,
  title={Functional programming with bananas, lenses, envelopes and barbed wire},
  author={Meijer, Erik and Fokkinga, Maarten and Paterson, Ross},
  booktitle={Conference on Functional Programming Languages and Computer Architecture},
  pages={124--144},
  year=1991,
  organization={Springer}
}

@incollection{Lo75_MLTT,
title = "An Intuitionistic Theory of Types: Predicative Part",
editor = "H.E. Rose and J.C. Shepherdson",
series = "Studies in Logic and the Foundations of Mathematics",
publisher = "Elsevier",
volume = 80,
pages = "73 - 118",
year = 1975,
booktitle = "Logic Colloquium '73",
issn = "0049-237X",
doi = "https://doi.org/10.1016/S0049-237X(08)71945-1",
url = "http://www.sciencedirect.com/science/article/pii/S0049237X08719451",
author = "Per Martin-LÃ¶f",
}

@article{St17_CDLE,
  title={The calculus of dependent lambda eliminations},
  author={Stump, Aaron},
  journal={Journal of Functional Programming},
  volume=27,
  year=2017,
  publisher={Cambridge University Press}
}

@phdthesis{CH86_CC,
  title={The calculus of constructions},
  author={Coquand, Thierry and Huet, G{\'e}rard},
  year=1986,
  school={INRIA}
}

@inproceedings{FBS18_Efficient-Mendler,
  title={Efficient Mendler-Style Lambda-Encodings in Cedille},
  author={Firsov, Denis and Blair, Richard and Stump, Aaron},
  booktitle={International Conference on Interactive Theorem Proving},
  pages={235--252},
  year=2018,
  organization={Springer}
}

@article{St18_Cedille-Core,
  title={Syntax and Typing for Cedille Core},
  author={Stump, Aaron},
  journal={arXiv preprint arXiv:1811.01318},
  year=2018
}

@inproceedings{Mi01_ICC,
 author = {Miquel, Alexandre},
 title = {The Implicit Calculus of Constructions: Extending Pure Type Systems with an Intersection Type Binder and Subtyping},
 booktitle = {Proceedings of the 5th International Conference on Typed Lambda Calculi and Applications},
 series = {TLCA'01},
 year = 2001,
 isbn = {3-540-41960-8},
 location = {Krak\&\#243;w, Poland},
 pages = {344--359},
 numpages = 16,
 url = {http://dl.acm.org.proxy.lib.uiowa.edu/citation.cfm?id=1754621.1754650},
 acmid = 1754650,
 publisher = {Springer-Verlag},
 address = {Berlin, Heidelberg},
} 

@inproceedings{Ko03_Dependent-Intersection,
 author = {Kopylov, Alexei},
 title = {Dependent Intersection: A New Way of Defining Records in Type Theory},
 booktitle = {Proceedings of the 18th Annual IEEE Symposium on Logic in Computer Science},
 series = {LICS '03},
 year = 2003,
 isbn = {0-7695-1884-2},
 pages = {86--},
 url = {http://dl.acm.org/citation.cfm?id=788023.789073},
 acmid = 789073,
 publisher = {IEEE Computer Society},
 address = {Washington, DC, USA},
}
